<record xmlns="http://www.loc.gov/MARC21/slim" xmlns:xsi="http://www.w3.org/2001/XMLSchema-instance" xsi:schemaLocation="http://www.loc.gov/MARC21/slim http://www.loc.gov/standards/marcxml/schema/MARC21slim.xsd">

  <leader>01566nab a2200181   4500</leader>
  <controlfield tag="005">20160331140014.0</controlfield>
  <controlfield tag="008">151216b2       c  f|||| |||| 00| 0 spa d</controlfield>
  <datafield ind1=" " tag="090" ind2=" ">
    <subfield code="a">REVIS 06.02.01</subfield>
  </datafield>
  <datafield tag="100" ind1="1" ind2=" ">
    <subfield code="9">1227</subfield>
    <subfield code="a">Fernández Carballo, Rodolfo</subfield>
  </datafield>
  <datafield ind1="1" tag="245" ind2="0">
    <subfield code="a">Preceptos de la ideología patrialcal asignados al género femenino y masculino, y su refractactación en ocho cuentos utilizados en el tercer ciclo de la educación general básica del sistema educativo Costarricense en el año 2005 /</subfield>
    <subfield code="c">Rodolfo Fernández Carballo</subfield>
  </datafield>
  <datafield ind2=" " ind1=" " tag="260">
    <subfield code="a">San José, Costa Rica :</subfield>
    <subfield code="b">Editorial Universidad de Costa Rica,</subfield>
    <subfield code="c">2006</subfield>
  </datafield>
  <datafield ind1=" " tag="300" ind2=" ">
    <subfield code="a">páginas 145-162</subfield>
  </datafield>
  <datafield ind2=" " ind1=" " tag="520">
    <subfield code="a">En este artículo se realiza una enumeración de los diversos preceptos que la ideología patriarcal asigna a los géneros femenino y masculino, y se pretende demostrar, a partir de las concepciones teóricas de Bajtín sobre las relaciones texto-sociedad, el enunciado y las valoraciones sociales, como dichos preceptos se refractan en ocho cuentos de lectura obligatoria utillizados por los estudiantes del Tercer Ciclo de la Educación General Básica del Sistema  Educativo Costarricense en el año 2005. Finalmente, se establecen, en la conclusión, algunas recomendaciones en torno al tema tratado por su incidencia en la formación de los estudiantes</subfield>
  </datafield>
  <datafield ind2="4" ind1="1" tag="650">
    <subfield code="9">1</subfield>
    <subfield code="a">EDUCACIÓN</subfield>
  </datafield>
  <datafield tag="700" ind1="1" ind2=" ">
    <subfield code="9">1228</subfield>
    <subfield code="a">Duarte Cordero, Andrea</subfield>
    <subfield code="c">coautora</subfield>
  </datafield>
  <datafield ind2=" " ind1="0" tag="773">
    <subfield code="d">San José, Costa Rica : Editorial de la Universidad de Costa Rica, 1997-</subfield>
    <subfield code="o">R0307</subfield>
    <subfield code="t">EDUCACIÓN: Revista de la Universidad de Costa Rica</subfield>
    <subfield code="g">Vol.30, no.2 (2006)</subfield>
  </datafield>
  <datafield ind2=" " ind1=" " tag="942">
    <subfield code="2">z</subfield>
    <subfield code="c">10</subfield>
  </datafield>
  <datafield ind2=" " ind1=" " tag="999">
    <subfield code="c">2984</subfield>
    <subfield code="d">2984</subfield>
  </datafield>
</record>